<record xmlns="http://www.loc.gov/MARC21/slim" xmlns:xsi="http://www.w3.org/2001/XMLSchema-instance" xsi:schemaLocation="http://www.loc.gov/MARC21/slim http://www.loc.gov/standards/marcxml/schema/MARC21slim.xsd"><leader>     nam a22        4500</leader><controlfield tag="001">3348198</controlfield><controlfield tag="003">NNC</controlfield><controlfield tag="006">m        d        </controlfield><controlfield tag="007">cr cn |||m|||a</controlfield><controlfield tag="008">150316s1931    ua      o     000 0barard</controlfield><datafield ind1=" " ind2=" " tag="040"><subfield code="a">NNU</subfield><subfield code="b">eng</subfield><subfield code="c">NNU</subfield></datafield><datafield ind1="1" ind2=" " tag="100"><subfield code="a">&#699;Aqqa&#772;d, &#699;Abba&#772;s Mah&#803;mu&#772;d,</subfield><subfield code="d">1889-1964.</subfield></datafield><datafield ind1="1" ind2="0" tag="245"><subfield code="a">Ibn al-Ru&#772;mi&#772;, h&#803;aya&#772;tuh min shi&#699;rih</subfield><subfield code="h">[electronic resource] /</subfield><subfield code="c">bi-qalam &#699;Abba&#772;s Mah&#803;mu&#772;d al-&#699;Aqqa&#772;d.</subfield></datafield><datafield ind1=" " ind2=" " tag="260"><subfield code="a">[al-Qa&#772;hirah]</subfield><subfield code="b">Musa&#772;himah Mis&#803;ri&#772;yah,</subfield><subfield code="c">[1931]</subfield></datafield><datafield ind1=" " ind2=" " tag="300"><subfield code="a">online resource (392 p.)</subfield></datafield><datafield ind1=" " ind2=" " tag="500"><subfield code="a">Part of the Arabic Collections Online (ACO) project, contributed by Columbia University Libraries.</subfield></datafield><datafield ind1=" " ind2=" " tag="533"><subfield code="a">Electronic reproduction.</subfield><subfield code="b">New York, N.Y. :</subfield><subfield code="c">New York University,</subfield><subfield code="d">2015.</subfield><subfield code="5">NNU</subfield></datafield><datafield ind1="0" ind2="0" tag="600"><subfield code="a">Ibn al-Ru&#772;mi&#772;,</subfield><subfield code="d">836-896.</subfield></datafield><datafield ind1="0" ind2="7" tag="600"><subfield code="a">Ibn al-Ru&#772;mi&#772;,</subfield><subfield code="d">836-896.</subfield><subfield code="2">fast</subfield><subfield code="0">(OCoLC)fst00282756</subfield></datafield><datafield ind1="2" ind2=" " tag="710"><subfield code="a">Columbia University.</subfield><subfield code="b">Libraries.</subfield></datafield><datafield ind1="0" ind2=" " tag="730"><subfield code="a">Arabic Collections Online.</subfield></datafield><datafield ind1="0" ind2="8" tag="776"><subfield code="i">Print version:</subfield><subfield code="a">&#699;Aqqa&#772;d, &#699;Abba&#772;s Mah&#803;mu&#772;d, 1889-1964.</subfield><subfield code="t">Ibn al-Ru&#772;mi&#772;, h&#803;aya&#772;tuh min shi&#699;rih</subfield><subfield code="w">(NNC)3348198</subfield><subfield code="w">(OCoLC)611916152</subfield></datafield><datafield ind1="4" ind2="0" tag="856"><subfield code="u">http://hdl.handle.net/2333.1/0zpc88gx</subfield></datafield><datafield ind1=" " ind2=" " tag="959"><subfield code="a">NNU</subfield><subfield code="b">WEB</subfield><subfield code="c">GENI</subfield><subfield code="t">0</subfield><subfield code="m">Electronic access</subfield><subfield code="s">01</subfield></datafield><datafield ind1=" " ind2=" " tag="999"><subfield code="i">NNC_3348198</subfield><subfield code="o">(OCoLC)ocn611916152</subfield><subfield code="s">columbia_aco000292</subfield><subfield code="e">(ERROR-880)</subfield></datafield></record>